<collection xmlns="http://www.loc.gov/MARC21/slim">
<record>
  <leader>01171nam0a22002651i 450 </leader>
  <controlfield tag="001">IT\ICCU\CNCE\066730</controlfield>
  <controlfield tag="005">20080225000000.0</controlfield>
  <datafield tag="012" ind1=" " ind2=" ">
    <subfield code="a">r.e- umt. Coem o-io (C) 1600 (R)</subfield>
    <subfield code="2">fei</subfield>
  </datafield>
  <datafield tag="100" ind1=" " ind2=" ">
    <subfield code="a">20060907d1600        0itac0103    ba</subfield>
  </datafield>
  <datafield tag="101" ind1=" " ind2=" ">
    <subfield code="a">LAT</subfield>
  </datafield>
  <datafield tag="102" ind1=" " ind2=" ">
    <subfield code="a">IT</subfield>
  </datafield>
  <datafield tag="200" ind1="1" ind2=" ">
    <subfield code="a">Poloniae rex. Provincias ditioni suae subiectas, easque linguis fere omnes, vel dialectis saltem nonnullas differentes, habet octo</subfield>
  </datafield>
  <datafield tag="210" ind1=" " ind2=" ">
    <subfield code="e">Romae</subfield>
    <subfield code="g">apud Gulielmum Facciottum</subfield>
    <subfield code="h">1600</subfield>
  </datafield>
  <datafield tag="215" ind1=" " ind2=" ">
    <subfield code="a">\2! c.</subfield>
    <subfield code="d">fol</subfield>
  </datafield>
  <datafield tag="300" ind1=" " ind2=" ">
    <subfield code="a">Il tit. si ricava dall&apos;incipit</subfield>
  </datafield>
  <datafield tag="620" ind1=" " ind2=" ">
    <subfield code="a">IT</subfield>
    <subfield code="d">Roma</subfield>
  </datafield>
  <datafield tag="700" ind1=" " ind2="1">
    <subfield code="a">Prochnicki,</subfield>
    <subfield code="b">Jan Andrzej</subfield>
    <subfield code="3">IT\ICCU\CNCA\026957</subfield>
  </datafield>
  <datafield tag="712" ind1="0" ind2="0">
    <subfield code="a">Facciotti, Guglielmo</subfield>
    <subfield code="3">IT\ICCU\CNCT\000099</subfield>
    <subfield code="4">650</subfield>
  </datafield>
  <datafield tag="790" ind1=" " ind2="1">
    <subfield code="a">Prochnicki,</subfield>
    <subfield code="b">Ioannes Andreas</subfield>
    <subfield code="3">IT\ICCU\CNCA\027167</subfield>
    <subfield code="z">Prochnicki, Jan Andrzej</subfield>
  </datafield>
  <datafield tag="791" ind1="0" ind2="0">
    <subfield code="a">Faciottus, Gulielmus</subfield>
    <subfield code="3">IT\ICCU\CNCT\003788</subfield>
    <subfield code="z">Facciotti, Guglielmo</subfield>
  </datafield>
  <datafield tag="791" ind1="0" ind2="0">
    <subfield code="a">Faciotto, Guglielmo</subfield>
    <subfield code="3">IT\ICCU\CNCT\005073</subfield>
    <subfield code="z">Facciotti, Guglielmo</subfield>
  </datafield>
  <datafield tag="791" ind1="0" ind2="0">
    <subfield code="a">Facciottus, Guilielmus</subfield>
    <subfield code="3">IT\ICCU\CNCT\005075</subfield>
    <subfield code="z">Facciotti, Guglielmo</subfield>
  </datafield>
  <datafield tag="801" ind1=" " ind2="3">
    <subfield code="a">IT</subfield>
    <subfield code="b">ICCU</subfield>
    <subfield code="c">20201115</subfield>
  </datafield>
  <datafield tag="899" ind1=" " ind2=" ">
    <subfield code="a">Biblioteca Apostolica Vaticana. Citt ̉del Vaticano</subfield>
    <subfield code="1">EX0001</subfield>
    <subfield code="2">ZCV 01</subfield>
  </datafield>
  <datafield tag="899" ind1=" " ind2=" ">
    <subfield code="a">Biblioteca Casanatense. Roma</subfield>
    <subfield code="1">RM0313</subfield>
    <subfield code="2">RML 07</subfield>
  </datafield>
</record>
</collection>
